@book{jhi-book,
    author  = {Deepu K Sasidharan, Sendil Kumar N},
    title   = {Full Stack Development with JHipster},
    publisher = {Packt Publishing},
    year    = {2020}
}

@book{angular-book,
    author  = {Shyam Seshadri},
    title   = {Angular Up and Running: Learning Angular, Step by Step},
    publisher = {O'Reilly},
    year    = {2018}
}

@online{site:scaiitec,
    title   = {SCAI ITEC},
    url     = {https://scaiitec.it/}
}

@online{site:grupposcai,
    title   = {Gruppo SCAI},
    url     = {https://www.grupposcai.it/}
}

@online{site:jhi,
    title   = {JHipster},
    url     = {https://www.jhipster.tech/}
}

@online{site:jhi2,
    title   = {JHipster (Wikipedia)},
    url     = {https://en.wikipedia.org/wiki/JHipster}
}

@online{site:javaee,
    title   = {JavaEE},
    url     = {https://www.oracle.com/it/java/technologies/java-ee-glance.html}
}

@online{site:javaee2,
    title   = {JavaEE (Wikipedia)},
    url     = {https://it.wikipedia.org/wiki/Java_EE}
}

@online{site:spring,
    title   = {Spring},
    url     = {https://spring.io/}
}

@online{site:spring2,
    title   = {Spring (Wikipedia)},
    url     = {https://it.wikipedia.org/wiki/Spring_Framework}
}

@online{site:spring3,
    title   = {Spring Boot},
    url     = {https://spring.io/projects/spring-boot}
}

@online{site:spring4,
    title   = {Spring Data},
    url     = {https://spring.io/projects/spring-data}
}

@online{site:hibernate,
    title   = {Hibernate},
    url     = {https://hibernate.org/}
}

@online{site:hibernate2,
    title   = {Hibernate (Wikipedia)},
    url     = {https://it.wikipedia.org/wiki/Hibernatea}
}

@online{site:rest,
    title   = {Rest},
    url     = {https://restfulapi.net/}
}

@online{site:rest2,
    title   = {Rest (Wikipedia)},
    url     = {https://it.wikipedia.org/wiki/Representational_State_Transfer}
}

@online{site:oracle,
    title   = {Oracle},
    url     = {https://www.oracle.com/it/database/}
}

@online{site:oracle2,
    title   = {Oracle 19C},
    url     = {https://www.oracle.com/it/database/technologies/}
}

@online{site:oracle3,
    title   = {Oracle (Wikipedia)},
    url     = {https://it.wikipedia.org/wiki/Oracle_Database}
}

@online{site:liquibase,
    title   = {Liquibase},
    url     = {https://www.liquibase.org/}
}

@online{site:liquibase2,
    title   = {Liquibase (Wikipedia)},
    url     = {https://en.wikipedia.org/wiki/Liquibase}
}

@online{site:angular,
    title   = {Angular},
    url     = {https://angular.io/}
}

@online{site:angular2,
    title   = {Angular (Wikipedia)},
    url     = {https://it.wikipedia.org/wiki/Angular}
}

@online{site:eclipse,
    title   = {Eclipse},
    url     = {https://www.eclipse.org/}
}

@online{site:eclipse2,
    title   = {Eclipse (Wikipedia)},
    url     = {https://it.wikipedia.org/wiki/Eclipse_(informatica)}
}

@online{site:eclipse3,
    title   = {Eclipse Public License},
    url     = {https://www.eclipse.org/legal/epl-2.0/}
}

@online{site:maven,
    title   = {Maven},
    url     = {https://maven.apache.org/}
}

@online{site:maven2,
    title   = {Maven (Wikipedia)},
    url     = {https://it.wikipedia.org/wiki/Apache_Maven}
}

@online{site:git,
    title   = {Git},
    url     = {https://git-scm.com/}
}

@online{site:git2,
    title   = {Git (Wikipedia)},
    url     = {https://it.wikipedia.org/wiki/Git_(software)}
}

@online{site:gitlab,
    title   = {GitLab},
    url     = {https://about.gitlab.com/}
}

@online{site:gitlab2,
    title   = {GitLab (Wikipedia)},
    url     = {https://it.wikipedia.org/wiki/GitLab}
}

@online{site:sqldev,
    title   = {SQL Developer},
    url     = {https://www.oracle.com/database/technologies/appdev/sqldeveloper-landing.html}
}

@online{site:sqldev2,
    title   = {SQL Developer (Wikipedia)},
    url     = {https://en.wikipedia.org/wiki/Oracle_SQL_Developer}
}

@online{site:api,
    title   = {API (Wikipedia)},
    url     = {https://it.wikipedia.org/wiki/Application_programming_interface}
}

@online{site:apserver,
    title   = {Application Server (Wikipedia)},
    url     = {https://en.wikipedia.org/wiki/Application_server}
}

@online{site:cd,
    title   = {Continuos Delivery (Wikipedia)},
    url     = {https://en.wikipedia.org/wiki/Continuous_delivery}
}
@online{site:ci,
    title   = {Continuos Integration},
    url     = {https://codeship.com/continuous-integration-essentials#:~:text=Continuous%20Integration%20(CI)%20is%20a,CI%20it%20is%20typically%20implied}
}

@online{site:ci2,
    title   = {Continuos Integration (Wikipedia)},
    url     = {https://it.wikipedia.org/wiki/Integrazione_continua}
}

@online{site:cloudnat,
    title   = {Cloud nativo},
    url     = {https://docs.microsoft.com/it-it/dotnet/architecture/cloud-native/definition}
}

@online{site:dbms,
    title   = {DBMS (Wikipedia)},
    url     = {https://it.wikipedia.org/wiki/Database_management_system}
}
@online{site:featurebranch,
    title   = {Feature branch workflow},
    url     = {https://www.atlassian.com/git/tutorials/comparing-workflows/feature-branch-workflow}
}

@online{site:ioc,
    title   = {Inversione di controllo (Wikipedia)},
    url     = {https://it.wikipedia.org/wiki/Inversione_del_controllo}
}

@online{site:microservizi,
    title   = {Microservizi},
    url     = {https://www.redhat.com/it/topics/microservices/what-are-microservices}
}
@online{site:mock,
    title   = {Mock (Wikipedia)},
    url     = {https://it.wikipedia.org/wiki/Mock_object}
}

@online{site:sso,
    title   = {SSO (Wikipedia)},
    url     = {https://en.wikipedia.org/wiki/Single_sign-on}
}

@online{site:sysint,
    title   = {System integrator (Wikipedia)},
    url     = {https://it.wikipedia.org/wiki/System_integrator#:~:text=Con%20il%20termine%20inglese%20system,occupa%20dell'integrazione%20di%20sistemi.}
}

@online{site:ux,
    title   = {User Experience (Wikipedia)},
    url     = {https://it.wikipedia.org/wiki/User_Experience}
}